@article{reneman1986age,
  title={Age-related changes in carotid artery wall properties in men},
  author={Reneman, Robert S and Van Merode, Tiny and Hick, Paul and Muytjens, Arno MM and Hoeks, Arnold PG},
  journal={Ultrasound in medicine \& biology},
  volume={12},
  number={6},
  pages={465--471},
  year={1986},
  publisher={Elsevier}
}

@article{torre1986edge,
  title={On edge detection},
  author={Torre, Vincent and Poggio, Tomaso A},
  journal={IEEE Transactions on Pattern Analysis and Machine Intelligence},
  number={2},
  pages={147--163},
  year={1986},
  publisher={IEEE}
}

@misc{klonoff2017simplified,
  title={A simplified approach using rate of change arrows to adjust insulin with real-time continuous glucose monitoring},
  author={Klonoff, David C and Kerr, David},
  year={2017},
  publisher={SAGE Publications Sage CA: Los Angeles, CA}
}

@article{hu2004survey,
  title={A survey on visual surveillance of object motion and behaviors},
  author={Hu, Weiming and Tan, Tieniu and Wang, Liang and Maybank, Steve},
  journal={IEEE Transactions on Systems, Man, and Cybernetics, Part C (Applications and Reviews)},
  volume={34},
  number={3},
  pages={334--352},
  year={2004},
  publisher={IEEE}
}