@article{fish2014measurement,
  title={Measurement of hydrodynamic force generation by swimming dolphins using bubble DPIV},
  author={Fish, Frank E and Legac, Paul and Williams, Terrie M and Wei, Timothy},
  journal={Journal of Experimental Biology},
  volume={217},
  number={2},
  pages={252--260},
  year={2014},
  publisher={The Company of Biologists Ltd}
}