@article{hutchinson2011computational,
  title={A computational analysis of limb and body dimensions in Tyrannosaurus rex with implications for locomotion, ontogeny, and growth},
  author={Hutchinson, John R and Bates, Karl T and Molnar, Julia and Allen, Vivian and Makovicky, Peter J},
  journal={PLoS One},
  volume={6},
  number={10},
  pages={e26037},
  year={2011},
  publisher={Public Library of Science}
}